<record><leader>00000cas a2200000   4500</leader><controlfield tag="001">11219639</controlfield><controlfield tag="008">841002d19uu1962caucr ne      0   a0eng c</controlfield><datafield ind1=" " ind2=" " tag="010"><subfield code="a">sn2003061284</subfield></datafield><datafield ind1=" " ind2=" " tag="040"><subfield code="a">MSH</subfield><subfield code="b">eng</subfield><subfield code="c">MSH</subfield><subfield code="d">OCL</subfield><subfield code="d">OCLCQ</subfield><subfield code="d">CNK</subfield><subfield code="d">OCLCQ</subfield><subfield code="d">OCLCF</subfield><subfield code="d">OCLCO</subfield></datafield><datafield ind1="1" ind2=" " tag="029"><subfield code="a">AU@</subfield><subfield code="b">000025439227</subfield></datafield><datafield ind1=" " ind2=" " tag="042"><subfield code="a">pcc</subfield></datafield><datafield ind1=" " ind2=" " tag="043"><subfield code="a">n-us-ca</subfield></datafield><datafield ind1="0" ind2="0" tag="245"><subfield code="a">Long Beach reporter and East Long Beach star progress.</subfield></datafield><datafield ind1=" " ind2=" " tag="260"><subfield code="a">Long Beach, Calif. :</subfield><subfield code="b">Thos. F. Pfanstiel &amp; Wm. J. Brunton</subfield></datafield><datafield ind1=" " ind2=" " tag="300"><subfield code="a">v.</subfield></datafield><datafield ind1=" " ind2=" " tag="310"><subfield code="a">Semiweekly,</subfield><subfield code="b">Mar. 5, 1935-Dec. 18, 1962</subfield></datafield><datafield ind1=" " ind2=" " tag="321"><subfield code="a">Weekly,</subfield><subfield code="b">&lt;Oct. 10, 1933&gt;-Feb. 26, 1935</subfield></datafield><datafield ind1="0" ind2=" " tag="362"><subfield code="a">-v. 42, no. 101 (Dec. 18, 1962).</subfield></datafield><datafield ind1=" " ind2=" " tag="500"><subfield code="a">"Official legal newspaper for the city of Signal Hill."</subfield></datafield><datafield ind1=" " ind2=" " tag="588"><subfield code="a">Description based on: Vol. 14, no. 1 (Oct. 10, 1933).</subfield></datafield><datafield ind1=" " ind2="0" tag="651"><subfield code="a">Long Beach (Calif.)</subfield><subfield code="v">Newspapers.</subfield></datafield><datafield ind1=" " ind2="0" tag="651"><subfield code="a">Signal Hill (Calif.)</subfield><subfield code="v">Newspapers.</subfield></datafield><datafield ind1=" " ind2="7" tag="655"><subfield code="a">Newspapers.</subfield><subfield code="2">fast</subfield><subfield code="0">(OCoLC)fst01423814</subfield></datafield><datafield ind1=" " ind2="7" tag="651"><subfield code="a">California</subfield><subfield code="z">Long Beach.</subfield><subfield code="2">fast</subfield><subfield code="0">(OCoLC)fst01206254</subfield></datafield><datafield ind1=" " ind2="7" tag="651"><subfield code="a">California</subfield><subfield code="z">Signal Hill.</subfield><subfield code="2">fast</subfield><subfield code="0">(OCoLC)fst01218696</subfield></datafield><datafield ind1=" " ind2=" " tag="752"><subfield code="a">United States</subfield><subfield code="b">California</subfield><subfield code="c">Los Angeles</subfield><subfield code="d">Long Beach.</subfield></datafield><datafield ind1="0" ind2="0" tag="785"><subfield code="t">Long Beach reporter</subfield><subfield code="w">(DLC)sn2003061283</subfield></datafield><datafield ind1=" " ind2=" " tag="936"><subfield code="a">Oct. 10, 1933</subfield></datafield></record>